<record><leader>00000cas a22000007a 4500</leader><controlfield tag="001">25124979</controlfield><controlfield tag="008">920117d19uu1912wyuwr ne      0    0eng d</controlfield><datafield ind1=" " ind2=" " tag="010"><subfield code="a">sn 92066902 </subfield></datafield><datafield ind1=" " ind2=" " tag="040"><subfield code="a">NVO</subfield><subfield code="b">eng</subfield><subfield code="c">NVO</subfield><subfield code="d">OCLCQ</subfield><subfield code="d">OCLCF</subfield><subfield code="d">OCLCO</subfield></datafield><datafield ind1="1" ind2=" " tag="029"><subfield code="a">AU@</subfield><subfield code="b">000025908968</subfield></datafield><datafield ind1=" " ind2=" " tag="042"><subfield code="a">msc</subfield></datafield><datafield ind1=" " ind2=" " tag="043"><subfield code="a">n-us-wy</subfield></datafield><datafield ind1="0" ind2="0" tag="245"><subfield code="a">Laramie County times.</subfield></datafield><datafield ind1="3" ind2="0" tag="246"><subfield code="a">Laramie County times and labor news</subfield><subfield code="f">&lt;Jan. 7, 1904-Apr. 29, 1905&gt;</subfield></datafield><datafield ind1=" " ind2=" " tag="260"><subfield code="a">Wheatland, Laramie County, Wyo. :</subfield><subfield code="b">Wheatland Pub. Co.</subfield></datafield><datafield ind1=" " ind2=" " tag="300"><subfield code="a">v.</subfield></datafield><datafield ind1=" " ind2=" " tag="310"><subfield code="a">Weekly</subfield></datafield><datafield ind1="0" ind2=" " tag="362"><subfield code="a">-v. 12, no. 12 (Dec. 27, 1912).</subfield></datafield><datafield ind1=" " ind2=" " tag="500"><subfield code="a">On some issues: Laramie County times and labor news.</subfield></datafield><datafield ind1=" " ind2=" " tag="588"><subfield code="a">Description based on: Vol. 3, no. [21] (Jan. 7, 1904).</subfield></datafield><datafield ind1=" " ind2="0" tag="651"><subfield code="a">Wheatland (Wyo.)</subfield><subfield code="v">Newspapers.</subfield></datafield><datafield ind1=" " ind2="7" tag="655"><subfield code="a">Newspapers.</subfield><subfield code="2">fast</subfield><subfield code="0">(OCoLC)fst01423814</subfield></datafield><datafield ind1=" " ind2="7" tag="651"><subfield code="a">Wyoming</subfield><subfield code="z">Wheatland.</subfield><subfield code="2">fast</subfield><subfield code="0">(OCoLC)fst01224923</subfield></datafield><datafield ind1=" " ind2=" " tag="752"><subfield code="a">United States</subfield><subfield code="b">Wyoming</subfield><subfield code="c">Laramie.</subfield></datafield><datafield ind1=" " ind2=" " tag="752"><subfield code="a">United States</subfield><subfield code="b">Wyoming</subfield><subfield code="c">Platte</subfield><subfield code="d">Wheatland.</subfield></datafield><datafield ind1="0" ind2="0" tag="785"><subfield code="t">Wheatland times (Wheatland, Wyo. : 1913)</subfield><subfield code="w">(DLC)sn 92066903</subfield></datafield></record>